
@misc{https://doi.org/10.5281/zenodo.18759,
  doi = {10.5281/zenodo.18759},
  author = {{Pawe≈Ç T. Jochym}},
  keywords = {},
  title = {Elastic: Bugfix + conda build},
  publisher = {Zenodo},
  year = {2015}
}

@article{Jochym1999,
  doi = {10.1007/s100510050823},
  url = {https://doi.org/10.1007/s100510050823},
  year  = {1999},
  month = {jul},
  publisher = {Springer Nature},
  volume = {10},
  number = {1},
  pages = {9--13},
  author = {P.T. Jochym and K. Parlinski and M. Sternik},
  title = {{TiC} lattice dynamics from ab initio calculations},
  journal = {The European Physical Journal B}
}

@article{Jochym2000,
  doi = {10.1007/s100510051124},
  url = {https://doi.org/10.1007/s100510051124},
  year  = {2000},
  month = {may},
  publisher = {Springer Nature},
  volume = {15},
  number = {2},
  pages = {265--268},
  author = {P.T. Jochym and K. Parlinski},
  title = {Ab initio lattice dynamics and elastic constants of {ZrC}},
  journal = {The European Physical Journal B}
}

@article{Golub1965,
  doi = {10.1137/0702016},
  url = {https://doi.org/10.1137/0702016},
  year  = {1965},
  month = {jan},
  publisher = {Society for Industrial {\&} Applied Mathematics ({SIAM})},
  volume = {2},
  number = {2},
  pages = {205--224},
  author = {G. Golub and W. Kahan},
  title = {Calculating the Singular Values and Pseudo-Inverse of a Matrix},
  journal = {Journal of the Society for Industrial and Applied Mathematics Series B Numerical Analysis}
}

@book{landau1986theory,
  title={Theory of Elasticity},
  author={Landau, L.D. and Lifshitz, E.M. and Kosevich, A.M. and Pitaevski{\u\i}}, L.P.},
  isbn={9780750626330},
  series={Course of theoretical physics},
  url={https://books.google.pl/books?id=tpY-VkwCkAIC},
  year={1986},
  publisher={Butterworth-Heinemann}
}
