% Literature references for the ML Toolbox
% bibtex file for sphinxcontrib-bibtex




@article{mcclean16,
  title={The theory of variational hybrid quantum-classical algorithms},
  author={McClean, Jarrod R and Romero, Jonathan and Babbush, Ryan and Aspuru-Guzik, Al{\'a}n},
  journal={New Journal of Physics},
  volume={18},
  number={2},
  pages={023023},
  year={2016},
  publisher={IOP Publishing}
}

@article{peruzzo14,
  title={A variational eigenvalue solver on a photonic quantum processor},
  author={Peruzzo, Alberto and McClean, Jarrod and Shadbolt, Peter and Yung, Man-Hong and Zhou, Xiao-Qi and Love, Peter J and Aspuru-Guzik, Al{\'a}n and Oâ€™brien, Jeremy L},
  journal={Nature communications},
  volume={5},
  year={2014},
  publisher={Nature Publishing Group}
}

@article{kandala17,
  title={Hardware-efficient variational quantum eigensolver for small molecules and quantum magnets},
  author={Kandala, Abhinav and Mezzacapo, Antonio and Temme, Kristan and Takita, Maika and Brink, Markus and Chow, Jerry M and Gambetta, Jay M},
  journal={Nature},
  volume={549},
  number={7671},
  pages={242},
  year={2017},
  publisher={Nature Publishing Group}
}

@article{farhi18,
  title={Classification with Quantum Neural Networks on Near Term Processors},
  author={Farhi, Edward and Neven, Hartmut},
  journal={arXiv preprint arXiv:1802.06002},
  year={2018}
}

@article{schuld18cc,
  title={Circuit-centric quantum classifiers},
  author={Maria Schuld, Alex Bocharov, Krysta Svore and Nathan Wiebe},
  journal={arXiv preprint arXiv:1804.00633},
  year={2018}
}

